@ARTICLE{Czekala:2017,
       author = {{Czekala}, Ian and {Mandel}, Kaisey S. and {Andrews}, Sean M. and {Dittmann}, Jason A. and {Ghosh}, Sujit K. and {Montet}, Benjamin T. and {Newton}, Elisabeth R.},
        title = "{Disentangling Time-series Spectra with Gaussian Processes: Applications to Radial Velocity Analysis}",
      journal = {\apj},
     keywords = {binaries: spectroscopic, celestial mechanics, stars: fundamental parameters, stars: individual: LP661-13, techniques: radial velocities, techniques: spectroscopic, Astrophysics - Solar and Stellar Astrophysics, Astrophysics - Earth and Planetary Astrophysics, Astrophysics - Instrumentation and Methods for Astrophysics},
         year = 2017,
        month = may,
       volume = {840},
       number = {1},
          eid = {49},
        pages = {49},
          doi = {10.3847/1538-4357/aa6aab},
archivePrefix = {arXiv},
       eprint = {1702.05652},
 primaryClass = {astro-ph.SR},
       adsurl = {https://ui.adsabs.harvard.edu/abs/2017ApJ...840...49C},
      adsnote = {Provided by the SAO/NASA Astrophysics Data System}
}

@ARTICLE{Bedell:2019,
       author = {{Bedell}, Megan and {Hogg}, David W. and {Foreman-Mackey}, Daniel and {Montet}, Benjamin T. and {Luger}, Rodrigo},
        title = "{WOBBLE: A Data-driven Analysis Technique for Time-series Stellar Spectra}",
      journal = {\aj},
     keywords = {atmospheric effects, methods: data analysis, planets and satellites: detection, stars: individual: 51 Pegasi, Barnard's Star, HD 189733, techniques: radial velocities, Astrophysics - Instrumentation and Methods for Astrophysics, Astrophysics - Earth and Planetary Astrophysics, Astrophysics - Solar and Stellar Astrophysics},
         year = 2019,
        month = oct,
       volume = {158},
       number = {4},
          eid = {164},
        pages = {164},
          doi = {10.3847/1538-3881/ab40a7},
archivePrefix = {arXiv},
       eprint = {1901.00503},
 primaryClass = {astro-ph.IM},
       adsurl = {https://ui.adsabs.harvard.edu/abs/2019AJ....158..164B},
      adsnote = {Provided by the SAO/NASA Astrophysics Data System}
}

